

% Hardware Chapter

@online{Intel:Desktop:4960X,
    title = "Intel Core i7-4960X Specifications",
    url = "http://ark.intel.com/products/77779",
    urldate = "2014-02-28",
}

@online{AMD:Desktop:Piledriver,
    title = "AMD FX-9590 Specifications",
    url = "http://www.amd.com/us/products/desktop/processors/amdfx/Pages/amdfx.aspx#2",
    note = "URL: \url{http://www.webcitation.org/6NR9Ivy3f}",
    urldate = "2014-02-28",
}

@inproceedings{Intel:HyperThreading,
    title = "Intel Hyper Threading Technology Archetecture and Microarchetecture",
    author = "Various",
    booktitle = "Intel Technology Journal",
    year = 2002,
    volume = "06",
    number = "1",
}

@online{AMD:GPU:R9-290X,
    title = "AMD R9 Series Specifications",
    url = "http://www.amd.com/us/products/desktop/graphics/R9/Pages/amd-radeon-hd-r9-series.aspx",
    urldate = "2014-02-28",
}

@online{Anandtech:R9-290X,
    title = "Radeon R9 290X Review",
    url = "http://www.anandtech.com/show/7457",
    urldate = "2014-02-28",
}

@online{Nvidia:TITAN-Black,
    title = "GeForce GTX TITAN Black Specifications",
    url = "http://www.geforce.com/hardware/desktop-gpus/geforce-gtx-titan-black/specifications",
    urldate = "2014-02-28",
}

@online{Anandtech:TITAN-Black,
    title = "GTX TITAN Review",
    url = "http://www.anandtech.com/show/6760",
    urldate = "2014-02-28",
}

@online{Intel:APU:4770R,
    title = "Intel Core i7 4770R Specifications",
    url = "http://ark.intel.com/products/76642",
    urldate = "2014-02-28",
}

@online{Anandtech:IrisPro,
    title = "Aanandtech Iris Pro Review",
    url = 
      "http://www.anandtech.com/show/6993",
    urldate = "2014-02-28",
}

@online{AMD:APU:A10-7850K,
    title = "A10-7850K APU Specifications",
    url = "http://products.amd.com/en-us/DesktopAPUDetail.aspx?id=100",
    urldate = "2014-02-28",
}

@online{Canalys:PhonesVsPCs,
    title = "Smart phones overtake client PCs in 2011",
    url = "http://www.canalys.com/newsroom/smart-phones-overtake-client-pcs-2011",
    urldate = "2014-02-28",
}

@online{Anandtech:GalaxyS4,
    title = "Anandtech Galaxy S 4 Review",
    url = "http://www.anandtech.com/show/6914",
    urldate = "2014-02-28",
}

@online{Anandtech:iPhone5S,
    title = "Andandtech iPhone 5S Review",
    url = "http://anandtech.com/show/7335",
    urldate = "2014-02-28",
}

@online{Intel:Phi:7120P,
    title = "Intel Xeon Phi 7120P Specifications",
    url = "http://ark.intel.com/products/75799",
    urldate= "2014-03-01",
}

@online{Anandtech:Xeon:Phi,
    title = "The Xeon Phi at work at TACC",
    url = "http://www.anandtech.com/show/6451",
    urldate = "2014-03-01",
}

@online{Tilera:TILEncore:Gx72,
    title = "Tilera TILEncore-Gx72 Product Brief",
    url = 
      "http://www.tilera.com/sites/default/files/images/products/TILEncore-Gx72_PB043-Rel_1_2_Web.pdf",
    urldate = "2014-03-01",
}

@online{Tilera:TILE:Gx8072,
    title = "Tilera TILE-Gx8072 Processor Product Brief",
    url = "http://www.tilera.com/sites/default/files/productbriefs/TILE-Gx8072_PB041-03_WEB.pdf",
    urldate = "2014-03-01",
}

@online{LLVM:Autovec,
    title = "Auto-Vectorization in LLVM",
    url = "http://llvm.org/docs/Vectorizers.html",
    urldate = "2014-03-01",
}

@online{GCC:Autovec,
    title = "Auto-Vectorization in GCC",
    url = "http://gcc.gnu.org/projects/tree-ssa/vectorization.html",
    urldate = "2014-03-01",
}

@online{Khronos:OpenCL:Website,
    title = "OpenCL: The open standard for parallel programming of heterogeneous systems",
    url = "http://www.khronos.org/opencl/",
    urldate = "2014-03-01",
}

@online{Nvidia:Cuda:Website,
    title = "CUDA Parallel Computing Platform",
    url = "http://www.nvidia.com/object/cuda_home_new.html",
    urldate = "2014-03-01",
}

@online{Microsoft:DirectCompute:Website,
    title = "Compute Shader Overview (Windows)",
    url = "http://msdn.microsoft.com/en-us/library/windows/desktop/ff476331(v=vs.85).aspx",
    urldate = "2014-03-01",
}

% Programming Systems Chapter

@online{PVM:Website,
    title = "PVM: Parallel Virtual Machine",
    url = "http://www.csm.ornl.gov/pvm/",
    urldate = "2014-03-02",
}

@article{Gropp:1996:MPICH,
  title={A high-performance, portable implementation of the MPI message passing interface standard},
  author={Gropp, W. and Lusk, E. and Doss, N. and Skjellum, A.},
  journal={Parallel computing},
  volume={22},
  number={6},
  pages={789--828},
  year={1996},
  publisher={Elsevier}
}

@online{CilkPlus:Website,
    title = "Intel Cilk Plus",
    url = "http://software.intel.com/en-us/intel-cilk-plus",
    urldate = "2014-03-02",
}

@online{Intel:TBB:Website,
    title = "Intel Threading Building Blocks",
    url = "https://www.threadingbuildingblocks.org/",
    urldate = "2014-03-02",
}

@online{Khronos:OpenCL:2.0PR,
    title = {Khronos Finalizes OpenCL 2.0 Specification for Heterogeneous Computing},
    url = "https://www.khronos.org/news/press/khronos-finalizes-opencl-2.0-specification-for-heterogeneous-computing",
    urldate = "2014-03-02",
}

@online{Khronos:OpenGL:4.3PR,
    title = "Khronos Releases OpenGL 4.3 Specification with Major Enhancements",
    url = "https://www.khronos.org/news/press/khronos-releases-opengl-4.3-specification-with-major-enhancements",
    urldate = "2014-03-02",
}

@online{Google:RenderScript:Website,
    title = "RenderScript",
    url = "http://developer.android.com/guide/topics/renderscript/compute.html",
    urldate = "2014-03-02",
}

@online{Aparapi:Website,
    title = "Aparapi API for data parallel Java",
    url = "http://code.google.com/p/aparapi/",
    urldate = "2014-03-02",
}

@online{Clyther:Website,
    title = "Clyther Development Documentation",
    url = "http://srossross.github.io/Clyther/",
    urldate = "2014-03-02",
}

@article{Chamberlain:2000:ZPL,
  title={ZPL: A machine independent programming language for parallel computers},
  author={Chamberlain, B.L. and Choi, S.E. and Lewis, C. and Lin, C. and Snyder, L. and Weathersby, W.D.},
  journal={Software Engineering, IEEE Transactions on},
  volume={26},
  number={3},
  pages={197--211},
  year={2000},
  publisher={IEEE}
}

@article{Dagum:1998:OpenMP,
  title={OpenMP: an industry standard API for shared-memory programming},
  author={Dagum, L. and Menon, R.},
  journal={Computational Science \& Engineering, IEEE},
  volume={5},
  number={1},
  pages={46--55},
  year={1998},
  publisher={IEEE}
}

% OpenCL Chapter

@online{Khronos:OpenCL:2.0,
 title = "{The OpenCL Specification 2.0}",
 editor = "Aaftab Munshi",
 key = "Aaftab Munshi",
 institution = "Khronos OpenCL Working Group",
 url = "http://www.khronos.org/registry/cl/specs/opencl-2.0.pdf",
 urldate = "2014-03-02",
}

@online{Khronos:OpenCL:1.2,
 title = "{The OpenCL Specification 2.0}",
 editor = "Aaftab Munshi",
 key = "Aaftab Munshi",
 institution = "Khronos OpenCL Working Group",
 url = "http://www.khronos.org/registry/cl/specs/opencl-1.2.pdf",
 urldate = "2014-03-02",
}

@online{Apple:OpenCL,
    title = "OpenCL for OS X",
    url = "https://developer.apple.com/opencl/",
    urldate = "2014-03-02",
}

@online{AMD:APPSDK,
    title = "AMD Accelerated Parallel Processing SDK",
    url = "http://developer.amd.com/tools-and-sdks/heterogeneous-computing/amd-accelerated-parallel-processing-app-sdk/",
    urldate = "2014-03-02",
}

@online{Nvidia:CUDA:OpenCL,
    title = "Nvidia CUDA: OpenCL Support",
    url = "https://developer.nvidia.com/opencl",
    urldate = "2014-03-02",
}

@online{Intel:OpenCL,
    title = "Intel SDK for OpenCL",
    url = "http://software.intel.com/en-us/vcsource/tools/opencl-sdk",
    urldate = "2014-03-02",
}

@online{Mesa:Website,
    title = "The Mesa 3D Graphics Library",
    url = "http://www.mesa3d.org/",
    urldate = "2014-03-02",
}

@online{Freedesktop:Beignet:Website,
    title = "Freedesktop.org Beignet Wiki Page",
    url = "http://www.freedesktop.org/wiki/Software/Beignet/",
    urldate = "2014-03-02",
}

@online{POCL:Website,
    title = "Portable Computing Language",
    url = "http://pocl.sourceforge.net/",
    urldate = "2014-03-02",
}

% JIT Spec Chapter

@MastersThesis{Andersen:1991:PE,
  author = 	"L.O. Andersen",
  title  = 	"C Program Specialization",
  school = 	"DIKU, University of Copenhagen, Denmark",
  year   = 	1991,
  month  = 	12}

@InProceedings{Consel:1996:Uniform,
  author =  "C. Consel and others",
  title  = 	"A Uniform Approach for Compile-Time and Run-Time Specialization",
  pages  =	"54-72",
  year   =  1996}

@ARTICLE{Futamura:1971:PE,
  AUTHOR        = "Y. Futamura",
  TITLE         = "Partial Evaluation of Computation Process -- An Approach
  to a Compiler-Compiler",
  JOURNAL       = "Systems, Computers, Controls",
  YEAR          = "1971",
  VOLUME        = "2", 
  NUMBER        = "5",
  PAGES         = "45-50", 
  ANNOTE        = "This seminal paper defines partial evaluation and
                  exposes its applications to (among other things)
                  compilation and compiler generation. A brief
                  discussion is given on the feasibility in practice
                  and of some conceptual and engineering issues of
                  partial evaluation."}

@article{Catanzaro:2011:Copperhead,
  title={Copperhead: Compiling an embedded data parallel language},
  author={Catanzaro, B. and Garland, M. and Keutzer, K.},
  journal={Principles and Practices of Parallel Programming, PPoPP},
  volume={11},
  pages={47--56},
  year={2011}
}

@online{Copperhead:Github,
    title = "Copperhead: Data Parallel Python",
    url = "http://copperhead.github.io/",
    urldate = "2014-03-04",
}

@inproceedings{Catanzaro:2009:Sejits,
  title={SEJITS: Getting productivity and performance with selective
                  embedded JIT specialization},
  author={Catanzaro, B. and Kamil, S. and Lee, Y. and Asanovic, K. and
                  Demmel, J. and Keutzer, K. and Shalf, J. and Yelick,
                  K. and Fox, A.},
  booktitle={First Workshop on Programmable Models for Emerging
                  Architecture at the 18th International Conference on
                  Parallel Architectures and Compilation Techniques},
  year={2009}
}

@article{Kotzmann:2008:HotSpot,
  title={Design of the Java HotSpot™ client compiler for Java 6},
  author={Kotzmann, T. and Wimmer, C. and M{\"o}ssenb{\"o}ck, H. and Rodriguez, T. and Russell, K. and Cox, D.},
  journal={ACM Transactions on Architecture and Code Optimization (TACO)},
  volume={5},
  number={1},
  pages={7},
  year={2008},
  publisher={ACM}
}

@phdthesis{Chambers:1992:Self,
  title={The design and implementation of the self compiler, an
                  optimizing compiler for object-oriented programming
                  languages},
  author={Chambers, C.},
  year={1992},
  school={Stanford University}
}

@online{POCL:Codegen,
    title = "POCL Kernel Compiler Design Notes",
    url = "http://pocl.sourceforge.net/docs/html/kernel_compiler.html",
    urldate = "2014-03-03",
}

@online{Apple:OpenGL:Spec,
    title = "A cool use of LLVM at Apple: the OpenGL stack",
    url   = "http://lists.cs.uiuc.edu/pipermail/llvmdev/2006-August/006492.html",
}

% Bacon Chapter

@manual{Parse::Yapp,
    title = "Parse::Yapp",
    author = "Francois Desarmenien",
    url = "http://search.cpan.org/~fdesar/",
}

@inproceedings{Tuck:Bacon:2012,
    title = "Bacon: A GPU Programming System With Just in Time Specialization",
    author = "Nat Tuck",
    booktitle = {Proc. PDPTA 3037},
    year = 2012
}

% Serial Spec Chapter

@inproceedings{Jaaskelainen:2010:POCL,
    title={OpenCL-based design methodology for application-specific processors},
    author={Jaaskelainen, PO and de La Lama, Carlos S and Huerta, Pablo and Takala, Jarmo H},
    booktitle={Embedded Computer Systems (SAMOS), 2010 International Conference on},
    pages={223--230},
    year={2010},
    organization={IEEE}
}

@online{LLVM:Website,
    title={The LLVM Compiler Infrastructure Project},
    url="http://llvm.org/"
}

@online{Clang:Website,
    title={clang: a C language family frontend for LLVM},
    url="http://clang.llvm.org/"
}

@online{Mesa:Clover:Website,
    title = "The Mesa GalliumCompute Wiki Page",
    url = "http://dri.freedesktop.org/wiki/GalliumCompute/",
    urldate = "2014-03-02",
}

@online{Anandtech:AtomOverview,
    title = "Intel's Atom Architecture: The Journey Begins",
    url = "http://www.anandtech.com/show/2493",
    urldate = "2014-03-14",
}

@online{Xbit:Bulldozer,
    title = "Bulldozer Has Arrived: AMD FX-8150 Processor Review",
    url = "http://www.xbitlabs.com/articles/cpu/display/amd-fx-8150.html",
    urldate = "2014-03-15",
}

@MastersThesis{Lattner:2002:LLVM,
  author  = {Chris Lattner},
  title   = "{LLVM: An Infrastructure for Multi-Stage Optimization}",
  school  = "{Computer Science Dept., University of Illinois at Urbana-Champaign}",
  year    = {2002},
  address = {Urbana, IL},
  month   = 12,
  note    = {{\em See {\tt http://llvm.cs.uiuc.edu}.}}
}

% POCL Spec Chapter

@online{POCL:BarrierTailRep,
    author={Pekka Jääskeläinen},
    title="pocl-devel mailing list message on kernel vectorization",
    url="http://www.mail-archive.com/pocl-devel@lists.sourceforge.net/msg00182.html"
}

% Unsorted References

@online{Libtool:Website,
    title={GNU Libtool},
    url="http://www.gnu.org/software/libtool/"
}

@online{Kronos:OpenCL,
 title = "{The OpenCL Specification 1.1}",
 editor = "Aaftab Munshi",
 key = "Aaftab Munshi",
 institution = "Khronos OpenCL Working Group",
 url = "http://www.khronos.org/opencl/",
}

@online{Nvidia:Tegra3,
 title = "Tegra 3 Processor",
 institution = "Nvidia Corporation",
 url = "http://www.nvidia.com/object/tegra-3-processor.html"
}

@online{Tilera:Gx3000,
  title = "Tilera Gx3000 Series",
  institution = "Tilera, Inc",
  url = "http://tilera.com/products/processors/TILE-Gx-3000"
}

@bachelorsthesis{Moll:2001:LLVMIR,
  author = "Simon Moll",
  title = "Decompilation of LLVM IR",
  month = "March",
  year = 2001
}

@inproceedings{Tuck:2012:RobotGPU,
  title={Optimizing a mobile robot control system using GPU acceleration},
  author={Tuck, N. and McGuinness, M. and Martin, F.},
  booktitle={Proceedings of SPIE},
  volume={8301},
  pages={83010Z},
  year={2012}
}

@article{Flynn:1972:Some,
  title={Some computer organizations and their effectiveness},
  author={Flynn, M.J.},
  journal={Computers, IEEE Transactions on},
  volume={100},
  number={9},
  pages={948--960},
  year={1972},
  publisher={IEEE}
}

@article{Nvidia:2007:CUDA,
  title={CUDA Programming Guide},
  author={Nvidia},
  year={2007}
}

@article{Antony:2006:NUMA,
  title={Exploring thread and memory placement on NUMA architectures:
                  Solaris and Linux, UltraSPARC/FirePlane and
                  Opteron/HyperTransport},
  author={Antony, J. and Janes, P. and Rendell, A.},
  journal={High Performance Computing-HiPC 2006},
  pages={338--352},
  year={2006},
  publisher={Springer}
}

@article{Consel:1998:Tempo,
 author = {Consel, C. and Hornof, L. and Marlet, R. and Muller, G. and Thibault, S. and Volanschi, E.-N. and Lawall, J. and Noy\'{e},
 J.},
 title = {Tempo: Specializing Systems Applications and Beyond C},
 journal = {ACM Comput. Surv.},
 volume = {30},
 issue = {3es},
 month = 9,
 year = {1998},
 issn = {0360-0300},
 articleno = {19},
 acmid = {289140},
 publisher = {ACM},
 address = {New York, NY, USA},
} 

@techreport{Van:2002:NAS,
  title={NAS parallel benchmarks version 2.4},
  author={Van der Wijngaart, R.F. and Wong, P.},
  year={2002},
  institution={NAS Technical Report NAS-02-007}
}

@inproceedings{Seo:2011:NASPerf,
  title={Performance characterization of the NAS Parallel Benchmarks in OpenCL},
  author={Seo, S. and Jo, G. and Lee, J.},
  booktitle={Workload Characterization (IISWC), 2011 IEEE International Symposium on},
  pages={137--148},
  year={2011},
  organization={IEEE},
  url={http://aces.snu.ac.kr/Center_for_Manycore_Programming/SNU_NPB_Suite.html}
}

@article{Augonnet:2011:StarPU,
  title={StarPU: A unified platform for task scheduling on
                  heterogeneous multicore architectures},
  author={Augonnet, C. and Thibault, S. and Namyst, R. and Wacrenier, P.A.},
  journal={Concurrency and Computation: Practice and Experience},
  volume={23},
  number={2},
  pages={187--198},
  year={2011},
  publisher={Wiley Online Library}
}

@article{Chamberlain:2007:Chapel,
  title={Parallel programmability and the chapel language},
  author={Chamberlain, B.L. and Callahan, D. and Zima, H.P.},
  journal={International Journal of High Performance Computing Applications},
  volume={21},
  number={3},
  pages={291--312},
  year={2007},
  publisher={SAGE Publications}
}

@manual{Desarmenien:2011:Yapp,
 title = "Parse::Yapp",
 author = "Francois Desarmenien",
 url = "http://search.cpan.org/~fdesar/",
}

@online{Alioth:2012:Shootout,
 title = "The Computer Language Benchmark Game",
 url   = "http://http://shootout.alioth.debian.org/",
}

@online{THG:2012:Bulldozer,
  title = "Bulldozer Archetecture Overview",
  url = "http://www.tomshardware.com/reviews/fx-8150-zambezi-bulldozer-990fx,3043-10.html"
}

@online{Phoronix:2012:OpenCL,
  title = "Phoronix OpenCL Benchmark Suite",
  url = "http://openbenchmarking.org/suite/pts/opencl"
}

@online{Rodinia:Benchmarks,
  title = "The Rodinia Benchmark Suite",
  url = "https://www.cs.virginia.edu/~skadron/wiki/rodinia/index.php/Main_Page"
}

@book{wolfe:1996,
 title = "High Performance Compilers for Parallel Computing",
 author = "Wolfe, Michael",
 publisher = "Addison-Wesley",
 year = "1996",
}
 
@misc{opencl,
 title = "{The OpenCL Specification 1.1}",
 editor = "Aaftab Munshi",
 key = "Aaftab Munshi",
 institution = "Khronos OpenCL Working Group",
 url = "http://www.khronos.org/opencl/",
}

@article{consel:1998,
 author = {Consel, C. and Hornof, L. and Marlet, R. and Muller, G. and Thibault, S. and Volanschi, E.-N. and Lawall, J. and Noy\'{e}, J.},
 title = {Tempo: Specializing Systems Applications and Beyond C},
 journal = {ACM Comput. Surv.},
 volume = {30},
 issue = {3es},
 month = {September},
 year = {1998},
 issn = {0360-0300},
 articleno = {19},
 acmid = {289140},
 publisher = {ACM},
 address = {New York, NY, USA},
} 

@techreport{chambers:1992,
 author = {Craig Chambers},
 title = {The Design and Implementation of the SELF Compiler, an Optimizing Compiler for Object-Oriented Programming Languages},
 institution = {Stanford University},
 year = {1992},
}

@incollection {bolz:2010,
 author = {Bolz, Carl and Leuschel, Michael and Rigo, Armin},
 affiliation = {Heinrich-Heine Universität Düsseldorf Institut für Informatik Universitätsstr. 1 D-40225 Düsseldorf},
 title = {Towards Just-In-Time Partial Evaluation of Prolog},
 booktitle = {Logic-Based Program Synthesis and Transformation},
 series = {Lecture Notes in Computer Science},
 editor = {De Schreye, Danny},
 publisher = {Springer Berlin / Heidelberg},
 pages = {158-172},
 volume = {6037},
 year = {2010},
}

@misc{webber:2011,
  author = {Webber, Rick},
  title = "{clUtil - making OpenCL as easy to use as CUDA (Website)}",
  year = {2011},
  howpublished = {\url{http://forums.nvidia.com/index.php?showtopic=188713\&pid=1199058\&st=0}},
  note = {Archived at \url{http://www.webcitation.org/5z3zH1mtA} on May 30, 2011},
}

@misc{hutter:2011,
  author = {Marco Hutter},
  title = "{JOCL - Java bindings for OpenCL (Website)}",
  year = {2011},
  howpublished = {\url{http://www.jocl.org/}},
}

@misc{rossross:2011,
  author = "Sean Ross-Ross",
  title = "Clyther OpenCL interface for Python (Website)",
  year = 2011,
  howpublished = {\url{http://clyther.sourceforge.net/}},
}

@misc{chafik:2011,
  author = "Olivier Chafik",
  title = "ScalaCL optimizing compiler plugin + GPU-backed collections (Website)",
  year = 2011,
  howpublished = {\url{http://code.google.com/p/scalacl/}},
}
  
@incollection {zabih:1994,
   author = {Zabih, Ramin and Woodfill, John},
   affiliation = {Cornell University Computer Science Department 14853-7501 Ithaca NY USA 14853-7501 Ithaca NY USA},
   title = {Non-parametric local transforms for computing visual correspondence},
   booktitle = {Computer Vision — ECCV '94},
   series = {Lecture Notes in Computer Science},
   editor = {Eklundh, Jan-Olof},
   publisher = {Springer Berlin / Heidelberg},
   isbn = {},
   pages = {151-158},
   volume = {801},
   url = {http://dx.doi.org/10.1007/BFb0028345},
   note = {10.1007/BFb0028345},
   year = {1994}
}

@article{hirschmuller:2005,
  author = {Heiko Hirschmuller},
  title = {Accurate and Efficient Stereo Processing by Semi-Global Matching and Mutual Information},
  journal ={Computer Vision and Pattern Recognition, IEEE Computer Society Conference on},
  volume = {2},
  issn = {1063-6919},
  year = {2005},
  pages = {807-814},
  doi = {http://doi.ieeecomputersociety.org/10.1109/CVPR.2005.56},
  publisher = {IEEE Computer Society},
  address = {Los Alamitos, CA, USA},
}

@article{hirschmuller:2007,
  title = {Evaluation of Cost Functions for Stereo Matching},
  author = {Heiko Hirschmuller},
  year = {2007},
}

@online{LLVM:Doc:WritePass,
    title = "LLVM 3.3 Documentation: Writing an LLVM Pass",
    url   = "http://llvm.org/releases/3.3/docs/WritingAnLLVMPass.html",
}

@online{LLVM:Doc:OptPasses,
   title = "LLVM 3.3 Documentation: Analysis and Transformation Passes",
   url   = "http://llvm.org/releases/3.3/docs/Passes.html"
}

@book{Jouppi:1989:ILP,
  title={Available instruction-level parallelism for superscalar and superpipelined machines},
  author={Jouppi, Norman P and Wall, David W},
  volume={17},
  number={2},
  year={1989},
  publisher={ACM}
}
